@book{richardson1985, 
  title={Pesquisa social: m{\'e}todos e t{\'e}cnicas}, 
  author={Richardson, Roberto Jarry and Peres, Jos{\'e} Augusto and Wanderley, Jos{\'e} Carlos Vieira and Correia, Lindoya Martins and Peres, Maria de Holanda de Melo},
  address={SÃ£o Paulo},
  publisher={Atlas},
  year={1985}
}